<?xml version="1.0" encoding="UTF-8"?><collection xmlns="http://www.loc.gov/MARC21/slim"><record><leader>00543nam--2200205-i-4500</leader><controlfield tag="001">000009415</controlfield><controlfield tag="002">20161230</controlfield><controlfield tag="005">20170106001512</controlfield><controlfield tag="008">060222s1000------------r-----000-0-rus-d</controlfield><datafield ind1=" " ind2=" " tag="040"><subfield code="a">IFIN-HH</subfield></datafield><datafield ind1=" " ind2=" " tag="041"><subfield code="a">rus</subfield></datafield><datafield ind1=" " ind2=" " tag="080"><subfield code="a">539.16</subfield></datafield><datafield ind1="1" ind2=" " tag="100"><subfield code="a">Avotina, M. P</subfield></datafield><datafield ind1="1" ind2="0" tag="245"><subfield code="a">Izobarnie iadra s massovim ceislom a=147</subfield><subfield code="c">M.P. Avotina, A.V. Zolotavin</subfield></datafield><datafield ind1=" " ind2=" " tag="260"><subfield code="a">Leningrad</subfield><subfield code="b">Nauka</subfield><subfield code="c">1971</subfield></datafield><datafield ind1=" " ind2=" " tag="300"><subfield code="a">150 p</subfield></datafield><datafield ind1=" " ind2=" " tag="490"><subfield code="a">Svoistva Atomnih Iader</subfield><subfield code="v">Vipusk 11</subfield></datafield><datafield ind1="1" ind2=" " tag="700"><subfield code="a">Zolotavin, A.V</subfield></datafield><datafield ind1=" " ind2=" " tag="852"><subfield code="a">36313</subfield><subfield code="c">539.16</subfield></datafield><datafield ind1=" " ind2=" " tag="CAT"><subfield code="a">SYS</subfield><subfield code="c">20170106</subfield><subfield code="h">001512</subfield></datafield></record></collection>